<record><leader>00000cas a22000007a 4500</leader><controlfield tag="001">14867053</controlfield><controlfield tag="008">861124d19671969wiuwr ne      0    0eng d</controlfield><datafield ind1=" " ind2=" " tag="010"><subfield code="a">sn 86086800 </subfield></datafield><datafield ind1=" " ind2=" " tag="040"><subfield code="a">NPV</subfield><subfield code="b">eng</subfield><subfield code="c">NPV</subfield><subfield code="d">OCLCQ</subfield></datafield><datafield ind1=" " ind2=" " tag="042"><subfield code="a">msc</subfield></datafield><datafield ind1="0" ind2=" " tag="130"><subfield code="a">Tri-town hub (Hales Corners, Wis. : 1967 : Muskego ed.)</subfield></datafield><datafield ind1="1" ind2="4" tag="245"><subfield code="a">The tri-town hub.</subfield></datafield><datafield ind1=" " ind2=" " tag="260"><subfield code="a">Hales Corners, Wis. :</subfield><subfield code="b">Community Newspapers Inc.,</subfield><subfield code="c">1967-1969.</subfield></datafield><datafield ind1=" " ind2=" " tag="300"><subfield code="a">v.</subfield></datafield><datafield ind1=" " ind2=" " tag="310"><subfield code="a">Weekly</subfield></datafield><datafield ind1="0" ind2=" " tag="362"><subfield code="a">No. 235 (Feb. 16, 1967)-no. 380 (Nov. 27, 1969).</subfield></datafield><datafield ind1=" " ind2=" " tag="580"><subfield code="a">Issued also in weekly edition called: Tri-town hub (Hales Corners, Wis. : 1967 : Franklin-Hales Corners ed.).</subfield></datafield><datafield ind1=" " ind2=" " tag="580"><subfield code="a">Formed by the union of: Tri-town news (Hales Corners, Wis.), Hub (Hales Corners, Wis. : 1965 : Muskego ed.), and Hub (Hales Corners, Wis. : 1965 : Hales Corners ed.).</subfield></datafield><datafield ind1=" " ind2=" " tag="752"><subfield code="a">United States</subfield><subfield code="b">Wisconsin</subfield><subfield code="c">Waukesha</subfield><subfield code="d">Muskego.</subfield></datafield><datafield ind1=" " ind2=" " tag="752"><subfield code="a">United States</subfield><subfield code="b">Wisconsin</subfield><subfield code="c">Milwaukee</subfield><subfield code="d">Hales Corners.</subfield></datafield><datafield ind1="0" ind2=" " tag="775"><subfield code="t">Tri-town hub (Hales Corners, Wis. : 1967 : Franklin-Hales Corners ed.)</subfield><subfield code="w">(DLC)sn 85040607</subfield></datafield><datafield ind1="1" ind2="4" tag="780"><subfield code="t">Tri-town news (Hales Corners, Wis.)</subfield><subfield code="w">(DLC)sn 85040606</subfield></datafield><datafield ind1="1" ind2="4" tag="780"><subfield code="t">Hub (Hales Corners, Wis. : 1965 : Muskego ed.)</subfield><subfield code="w">(DLC)sn 86086799</subfield></datafield><datafield ind1="1" ind2="4" tag="780"><subfield code="t">Hub (Hales Corners, Wis. : 1965 : Hales Corners ed.)</subfield></datafield><datafield ind1="0" ind2="0" tag="785"><subfield code="t">Muskego-Lakeland hub</subfield><subfield code="w">(DLC)sn 86086801</subfield></datafield></record>